<record><leader>00000cas a22000007a 4500</leader><controlfield tag="001">10325260</controlfield><controlfield tag="008">840121d18491863njudn ne      0    0eng d</controlfield><controlfield tag="009">3781</controlfield><datafield ind1=" " ind2=" " tag="010"><subfield code="a">sn 84026183 </subfield></datafield><datafield ind1=" " ind2=" " tag="040"><subfield code="a">NPU</subfield><subfield code="b">eng</subfield><subfield code="c">NPU</subfield><subfield code="d">DLC</subfield><subfield code="d">NPX</subfield><subfield code="d">NPA</subfield><subfield code="d">NJW</subfield><subfield code="d">MGN</subfield><subfield code="d">DLC</subfield><subfield code="d">OCLCQ</subfield><subfield code="d">KRTAS</subfield></datafield><datafield ind1="1" ind2=" " tag="029"><subfield code="a">AU@</subfield><subfield code="b">000026223106</subfield></datafield><datafield ind1=" " ind2=" " tag="042"><subfield code="a">msc</subfield></datafield><datafield ind1="0" ind2="0" tag="050"><subfield code="a">Newspaper</subfield></datafield><datafield ind1="0" ind2="0" tag="245"><subfield code="a">Newark daily Mercury.</subfield></datafield><datafield ind1="3" ind2="0" tag="246"><subfield code="a">Newark Mercury</subfield></datafield><datafield ind1=" " ind2=" " tag="260"><subfield code="a">Newark, N.J. :</subfield><subfield code="b">[s.n.],</subfield><subfield code="c">1849-1863.</subfield></datafield><datafield ind1=" " ind2=" " tag="300"><subfield code="a">v. ;</subfield><subfield code="c">53-57 cm.</subfield></datafield><datafield ind1=" " ind2=" " tag="310"><subfield code="a">Daily (except Sun.)</subfield></datafield><datafield ind1="0" ind2=" " tag="362"><subfield code="a">Vol. 1, no. 1 (Jan. 12, 1849)-v. 15, no. 306 (Dec. 31, 1863).</subfield></datafield><datafield ind1=" " ind2=" " tag="500"><subfield code="a">Published as: Newark Mercury, Aug. 24-Nov. 11, 1850; Mar. 2-Sept. 8, 1852.</subfield></datafield><datafield ind1=" " ind2=" " tag="500"><subfield code="a">Publishers: D. Potter &amp; Co., &lt;1852&gt;; Congar &amp; Porter, &lt;1854-1859&gt;; New Jersey Pub. Co., &lt;1860-1861&gt;; Elias N. Miller, 1862-1863.</subfield></datafield><datafield ind1=" " ind2=" " tag="500"><subfield code="a">Republican.</subfield></datafield><datafield ind1=" " ind2=" " tag="530"><subfield code="a">Also issued on microfilm as part of the Civil War Newspapers collection.</subfield></datafield><datafield ind1="1" ind2=" " tag="700"><subfield code="a">Miller, Elias N.</subfield></datafield><datafield ind1=" " ind2=" " tag="752"><subfield code="a">United States</subfield><subfield code="b">New Jersey</subfield><subfield code="c">Essex</subfield><subfield code="d">Newark.</subfield></datafield><datafield ind1="0" ind2=" " tag="775"><subfield code="t">Newark weekly Mercury</subfield><subfield code="w">(DLC)sn 85036051</subfield><subfield code="w">(OCoLC)13039627</subfield></datafield><datafield ind1=" " ind2=" " tag="938"><subfield code="a">Kirtas Technologies, Inc.</subfield><subfield code="b">KRTS</subfield><subfield code="n">738075</subfield></datafield></record>